@article{andricopoulos2003universal,
  title={Universal option valuation using quadrature methods},
  author={Andricopoulos, Ari D and Widdicks, Martin and Duck, Peter W and Newton, David P},
  journal={Journal of Financial Economics},
  volume={67},
  number={3},
  pages={447--471},
  year={2003},
  publisher={Elsevier}
}

@article{abramowitz1972handbook,
  title={Handbook of Mathematical Functions with Formulas, Graphs, and Mathematical Tables. National Bureau of Standards Applied Mathematics Series 55. Tenth Printing.},
  author={Abramowitz, Milton and Stegun, Irene A},
  year={1972},
  publisher={ERIC}
}

@article{bakshi1997alternative,
  title={An alternative valuation model for contingent claims},
  author={Bakshi, G.S. and Chen, Z.},
  journal={Journal of Financial Economics},
  volume={44},
  number={1},
  pages={123--165},
  year={1997},
  publisher={Elsevier}
}

@article{bakshi2000spanning,
  title={Spanning and derivative-security valuation},
  author={Bakshi, G. and Madan, D.},
  journal={Journal of Financial Economics},
  volume={55},
  number={2},
  pages={205--238},
  year={2000},
  publisher={Elsevier}
}

@article{bates1996jumps,
  title={Jumps and stochastic volatility: Exchange rate processes implicit in Deutsche Mark options},
  author={Bates, David S},
  journal={Review of Financial Studies},
  volume={9},
  number={1},
  pages={69--107},
  year={1996},
  publisher={Soc Financial Studies}
}

@article{bates2000post,
  title={Post-'87 crash fears in the S\&P 500 futures option market},
  author={Bates, D.S.},
  journal={Journal of Econometrics},
  volume={94},
  number={1-2},
  pages={181--238},
  year={2000},
  publisher={Elsevier}
}

@article{benhamou2002fast,
  title={Fast Fourier Transform for Discrete {Asian} Options},
  author={Benhamou, Eric},
  journal={Journal of Computational Finance},
  volume={6},
  number={1},
  pages={49--68},
  year={2002}
}

@article{black1973pricing,
  title={The pricing of options and corporate liabilities},
  author={Black, F. and Scholes, M.},
  journal={The Journal of Political Economy},
  volume={81},
  number={3},
  pages={637--654},
  year={1973},
  publisher={JSTOR}
}

@article{boyle1997monte,
  title={Monte Carlo methods for security pricing},
  author={Boyle, Phelim and Broadie, Mark and Glasserman, Paul},
  journal={Journal of economic dynamics and control},
  volume={21},
  number={8},
  pages={1267--1321},
  year={1997},
  publisher={Elsevier}
}

@article{boyle1977options,
  title={Options: A {M}onte {C}arlo approach},
  author={Boyle, P.P.},
  journal={Journal of Financial Economics},
  volume={4},
  number={3},
  pages={323--338},
  year={1977},
  publisher={Elsevier}
}

@article{carr1999option,
  title={Option valuation using the fast {F}ourier transform},
  author={Carr, P. and Madan, D.},
  journal={Journal of Computational Finance},
  volume={2},
  number={4},
  pages={61--73},
  year={1999}
}

@article{carr2002fine,
  title={The fine structure of asset returns: An empirical investigation},
  author={Carr, P. and Geman, H. and Madan, D.B. and Yor, M.},
  journal={Journal of Business},
  volume={75},
  number={2},
  pages={305--332},
  year={2002}
}

@article{carr2003type,
  title={What type of process underlies options? A simple robust test},
  author={Carr, P. and Wu, L.},
  journal={The Journal of Finance},
  volume={58},
  number={6},
  pages={2581--2610},
  year={2003},
  publisher={Wiley Online Library}
}

@article{carr2004time,
  title={Time-changed {L}{\'e}vy processes and option pricing},
  author={Carr, P. and Wu, L.},
  journal={Journal of Financial Economics},
  volume={71},
  number={1},
  pages={113--141},
  year={2004},
  publisher={Elsevier}
}

@article{carr2009saddlepoint,
  title={Saddlepoint methods for option pricing},
  author={Carr, P. and Madan, D.},
  journal={Journal of Computational Finance},
  volume={13},
  number={1},
  pages={49--61},
  year={2009}
}

@article{carverhill1990flexible,
  title={Flexible convolution},
  author={Carverhill, Andrew and Clewlow, Les},
  journal={Risk},
  volume={3},
  number={4},
  pages={25--29},
  year={1990}
}

@article{chen1992pricing,
  title={Pricing interest rate options in a two-factor Cox-Ingersoll-Ross model of the term structure},
  author={Chen, Ren-Raw and Scott, Louis},
  journal={Review of Financial Studies},
  volume={5},
  number={4},
  pages={613--636},
  year={1992},
  publisher={Soc Financial Studies}
}

@article{chiu2015pricing,
  title={Pricing {Asian} option by the {FFT} with higher-order error convergence rate under L{\'e}vy processes},
  author={Chiu, Chun-Yuan and Dai, Tian-Shyr and Lyuu, Yuh-Dauh},
  journal={Applied Mathematics and Computation},
  volume={252},
  pages={418--437},
  year={2015},
  publisher={Elsevier}
}

@article{Clewlow1994OSC,
  title={On the Simulation of Contingent Claims},
  author={Clewlow, L. and Carverhill, A.},
  journal={Journal of Derivatives},
  volume={2},
  pages={66--74},
  year={1994}
}

@article{cox1979option,
  title={Option pricing: A simplified approach},
  author={Cox, J.C. and Ross, S.A. and Rubinstein, M.},
  journal={Journal of Financial Economics},
  volume={7},
  number={3},
  pages={229--263},
  year={1979},
  publisher={Elsevier}
}

@article{cox1985theory,
  title={A theory of the term structure of interest rates},
  author={Cox, J.C. and Ingersoll Jr, J.E. and Ross, S.A.},
  journal={Econometrica},
  volume={53},
  number={2},
  pages={385--407},
  year={1985},
  publisher={JSTOR}
}

@article{Curran1994AAO,
  title={Accelerating {American} Option Pricing in Lattices},
  author={Curran, M.},
  journal={Journal of Derivatives},
  volume={3},
  pages={101--123},
  year={1994}
}

@article{dai2007lto,
  title={{Linear-time Option Pricing Algorithms by Combinatorics}},
  author={Dai, T.-S. and Liu, L.-M. and Lyuu, Y.-D.},
  journal={Computers and Mathematics with Applications},
  year={2007},
  volume={55},
  pages={2142--2157},
  publisher={Elsevier}
}

@article{duan1995garch,
  title={The {GARCH} option pricing model},
  author={Duan, J.C.},
  journal={Mathematical Finance},
  volume={5},
  number={1},
  pages={13--32},
  year={1995},
  publisher={Wiley Blackwell}
}

@book{duffie1996dap,
  title={{Dynamic Asset Pricing Theory}},
  author={Duffie, D.},
  year={1996},
  publisher={Princeton, NJ: Princeton University Press}
}

@article{figlewski1999amm,
  title={{The Adaptive Mesh Model: A New Approach to Efficient Option Pricing}},
  author={Figlewski, S. and Gao, B.},
  journal={Journal of Financial Economics},
  volume={53},
  number={3},
  pages={313--351},
  year={1999},
  publisher={Elsevier}
}

@book{Glasserman2004MCM,
  title={{Monte Carlo Methods in Financial Engineering}},
  author={Glasserman, P.},
  year={2004},
  publisher={New York: Springer}
}

@article{hamdan1971logarithm,
  title={The logarithm of the sum of two correlated log-normal variates},
  author={Hamdan, MA},
  journal={Journal of the American Statistical Association},
  volume={66},
  number={333},
  pages={105--106},
  year={1971},
  publisher={Taylor \& Francis}
}

@article{han2010generalized,
  title={Generalized Control Variate Methods for Pricing {Asian} Options},
  author={Han, C.H. and Lai, Y.},
  journal={Journal of Computational Finance},
  volume={14},
  number={2},
  pages={87--118},
  year={2010}
}

@article{Harrison1981MSI,
  title={Martingales and Stochastic Integrals in the Theory of Continuous Trading},
  author={Harrison, J. M. and Pliska, S. R.},
  journal={Stochastic Processes and Their Applications},
  volume={11},
  pages={215--260},
  year={1981}
}

@article{heston1993closed,
  title={A closed-form solution for options with stochastic volatility with applications to bond and currency options},
  author={Heston, S.L.},
  journal={Review of Financial Studies},
  volume={6},
  number={2},
  pages={327--343},
  year={1993},
  publisher={Soc Financial Studies}
}

@article{hull1988use,
  title={The use of the control variate technique in option pricing},
  author={Hull, J. and White, A.},
  journal={Journal of Financial and Quantitative Analysis},
  volume={23},
  number={3},
  pages={237--251},
  year={1988},
  publisher={Cambridge Univ Press}
}

@book{hull2006options,
  title={Options, futures, and other derivatives},
  author={Hull, John C},
  year={2009},
  publisher={London, England: Pearson}
}

@article{jarrow1982approximate,
  title={Approximate option valuation for arbitrary stochastic processes},
  author={Jarrow, Robert and Rudd, Andrew},
  journal={Journal of Financial Economics},
  volume={10},
  number={3},
  pages={347--369},
  year={1982},
  publisher={Elsevier}
}

@book{kac2002quantum,
  title={Quantum calculus},
  author={Kac, Victor and Cheung, Pokman},
  year={2002},
  publisher={Springer Science \& Business Media}
}

@article{kemal2012GCV,
  title={A general control variate method for option pricing under Levy processes},
  author={Dingec, K. D. and Hormann, W.},
  journal={European Journal of Operational Research},
  volume={221},
  pages={368--377},
  year={2012},
}

@article{kemna1990pricing,
  title={A pricing method for options based on average asset values},
  author={Kemna, A.G.Z. and Vorst, ACF},
  journal={Journal of Banking and Finance},
  volume={14},
  number={1},
  pages={113--129},
  year={1990},
  publisher={Elsevier}
}

@article{klassen2001simple,
  title={Simple, fast and flexible pricing of {Asian} options},
  author={Klassen, Timothy},
  journal={Journal of Computational Finance},
  volume={4},
  number={3},
  pages={89--124},
  year={2001}
}

@article{kou2002jump,
  title={A Jump-Diffusion Model for Option Pricing},
  author={Kou, SG},
  journal={Management Science},
  volume={48},
  number={8},
  pages={1086--1101},
  year={2002},
  publisher={INFORMS}
}

@article{lee2004option,
  title={Option pricing by transform methods: Extensions, unification and error control},
  author={Lee, R.W.},
  journal={Journal of Computational Finance},
  volume={7},
  number={3},
  pages={51--86},
  year={2004},
  publisher={RISK PUBLICATIONS}
}

@article{leisen1998pricing,
  title={Pricing the {American} put option: A detailed convergence analysis for binomial models},
  author={Leisen, Dietmar PJ},
  journal={Journal of Economic Dynamics and Control},
  volume={22},
  number={8},
  pages={1419--1444},
  year={1998},
  publisher={Elsevier}
}

@article{levy1992pricing,
  title={Pricing {European} average rate currency options},
  author={Levy, Edmond},
  journal={Journal of International Money and Finance},
  volume={11},
  number={5},
  pages={474--491},
  year={1992},
  publisher={Elsevier}
}

@article{lewis2001simple,
  title={A simple option formula for general jump-diffusion and other exponential {L{\'e}vy} processes},
  author={Lewis, Alan L},
  journal={Available at SSRN 282110},
  year={2001}
}

@article{lord2008fast,
  title={A fast and accurate {FFT}-based method for pricing early-exercise options under {L{\'e}vy} processes},
  author={Lord, Roger and Fang, Fang and Bervoets, Frank and Oosterlee, Cornelis W},
  journal={SIAM Journal on Scientific Computing},
  volume={30},
  number={4},
  pages={1678--1705},
  year={2008},
  publisher={SIAM}
}

@article{lord2010complex,
  title={COMPLEX LOGARITHMS IN {Heston}-LIKE MODELS},
  author={Lord, Roger and Kahl, Christian},
  journal={Mathematical Finance},
  volume={20},
  number={4},
  pages={671--694},
  year={2010},
  publisher={Wiley Online Library}
}

@book{lyuu2001financial,
  title={Financial engineering and computation: principles, mathematics, algorithms},
  author={Lyuu, Yuh-Dauh},
  year={2001},
  publisher={Cambridge University Press}
}

@article{Lyuu1998VFA,
  title={Very Fast Algorithms for Barrier Option Pricing and the Ballot Problem},
  author={Lyuu, Y.D.},
  journal={Journal of Derivatives},
  volume={5},
  number={3},
  pages={68--79},
  year={1998},
}

@article{Madan1998VGP,
  title={The variance gamma process and option pricing},
  author={Madan, D.B. and Carr, P.P. and Chang, E.C.},
  journal={European Finance Review},
  volume={2},
  number={1},
  pages={79--105},
  year={1998},
  publisher={Kluwer Academic Publishers}
}


@article{merton1976option,
  title={Option pricing when underlying stock returns are discontinuous},
  author={Merton, R.C.},
  journal={Journal of Financial Economics},
  volume={3},
  number={1-2},
  pages={125--144},
  year={1976},
  publisher={Elsevier}
}

@article{naus1969distribution,
  title={The distribution of the logarithm of the sum of two log-normal variates},
  author={Naus, JI},
  journal={Journal of the American Statistical Association},
  volume={64},
  number={326},
  pages={655--659},
  year={1969},
  publisher={Taylor \& Francis}
}

@article{Pan2002JRM,
  title={The jump-risk premia implicit in options: Evidence from an integrated time-series study.},
  author={Pan, J.},
  journal={Journal of Financial Economics},
  volume={63},
  pages={3--50},
  year={2002},
}

@article{rogers1995value,
  title={The value of an {Asian} option},
  author={Rogers, LCG and Shi, Z},
  journal={Journal of Applied Probability},
  pages={1077--1088},
  year={1995},
  publisher={JSTOR}
}

@article{schmelzle2010option,
  title={Option pricing formulae using {Fourier} transform: Theory and application},
  author={Schmelzle, Martin},
  journal={Unpublished Manuscript},
  year={2010}
}

@article{schwartz1977valuation,
  title={The valuation of warrants: Implementing a new approach},
  author={Schwartz, E.S.},
  journal={Journal of Financial Economics},
  volume={4},
  number={1},
  pages={79--93},
  year={1977},
  publisher={Elsevier}
}

@article{schwartz1982distribution,
  title={On the Distribution Function and Moments of Power Sums With Log-Normal Components},
  author={Schwartz, Stuart C and Yeh, Yu-Shuan},
  journal={Bell System Technical Journal},
  volume={61},
  number={7},
  pages={1441--1462},
  year={1982},
  publisher={Wiley Online Library}
}

@article{scott1997pricing,
  title={Pricing stock options in a jump-diffusion model with stochastic volatility and interest rates: Applications of Fourier inversion methods},
  author={Scott, L.O.},
  journal={Mathematical Finance},
  volume={7},
  number={4},
  pages={413--426},
  year={1997},
  publisher={Wiley Online Library}
}

@book{shreve2004stochastic,
  title={Stochastic calculus for finance II: Continuous-time models},
  author={Shreve, Steven E},
  volume={II},
  year={2004},
  publisher={New York City, NY: Springer}
}

@book{tankov2003financial,
  title={Financial modelling with jump processes},
  author={Rama Cont and Peter Tankov},
  year={2003},
  publisher={Boca Raton, FL: CRC press}
}

@article{vcerny2011improved,
  title={An improved convolution algorithm for discretely sampled {Asian} options},
  author={{\v{C}}ern{\`y}, Ale{\v{s}} and Kyriakou, Ioannis},
  journal={Quantitative Finance},
  volume={11},
  number={3},
  pages={381--389},
  year={2011},
  publisher={Taylor \& Francis}
}
